@book{Callaway/03,
 title = "Wireless Sensor Networks",
 author = "Edgar H Callaway",
 publisher = "CRC Press",
 year = "2003",
 isbn =	"0849318238"
}

% -------------------------------- TinyOS -----------------------------------
@inproceedings{tinyos/00,
 author = {J. Hill and R. Szewczyk and A. Woo and S. Hollar and D. Culler and K. Pister},
 title = {System Architecture Directions for Networked Sensors},
 booktitle = {9th International Conference on Architectural Support for Programming Languages and Operating Systems},
 year = {2000},
 pages = {93-104},
 publisher = {ACM Press},
 address = {New York, NY, USA},
 note="http://doi.acm.org/10.1145/384264.379006",
}

@article{nesc/03,
 author = "David Gay and Phil Levis and Rob von Behren and Matt Welsh and Eric Brewer and David Culler",
 title = "The {nesC} Language: A Holistic Approach to Networked Embedded Systems",
 journal = "Proceedings of Programming Language Design and Implementation (PLDI)",
 location = "San Diego",
 month = "June",
 year = "2003",
 note ="http://doi.acm.org/10.1145/781131.781133",
}

% -------------------------------- Sistemas operacionais --------------------------------
@inproceedings{contiki/04,
 author = {A. Dunkels and B. Gronvall and T. Voigt},
 title = {Contiki - A Lightweight and Flexible Operating System for Tiny Networked Sensors},
 booktitle = {Proceedings of the 29th Annual IEEE International Conference on Local Computer Networks},
 year = {2004},
 pages = {455-462},
 publisher = {IEEE Computer Society},
 address = {Washington, DC, USA},
 note={http://doi.ieeecomputersociety.org/10.1109/LCN.2004.38},
}

@article{mantis/05,
 author = {Shah Bhatti and James Carlson and Hui Dai and Jing Deng and Jeff Rose and Anmol Sheth and Brian Shucker and Charles Gruenwald and Adam Torgerson and Richard Han},
 title = {{MANTIS OS}: an embedded multithreaded operating system for wireless micro sensor platforms},
 journal = {Mob. Netw. Appl.},
 volume = {10},
 number = {4},
 year = {2005},
 pages = {563--579},
 note = {http://doi.acm.org/10.1145/1160162.1160178},
 publisher = {Kluwer Academic Publishers},
 address = {Hingham, MA, USA},
 }

@inproceedings{Han/etal/05,
 author = {C. Han and R. Kumar and R. Shea and E. Kohler and M. Srivastava},
 title = {A dynamic operating system for sensor nodes},
 booktitle = {Proceedings of the 3rd International Conference on Mobile Systems, Applications and Services},
 year = {2005},
 pages = {163-176},
 publisher = {ACM Press},
 address = {New York, NY, USA},
 note={http://doi.acm.org/10.1145/1067170.1067188},
}

% -------------------------------------- Simuladores ----------------------------------
@inproceedings{atemu/04,
 author = "J. Polley and D. Blazakis and J. McGee and D. Rusk and J.S Baras",
 title = "{ATEMU}: a Fine-grained Sensor Network Simulator",
 booktitle= "Sensor and Ad Hoc Communications and Networks",
 pages = "145-152",
 year= "2004",
 note="http://www.isr.umd.edu/CSHCN/research/atemu/",
}

@inproceedings{avrora/05,
 author = "BL Titzer and D. Lee and J. Palsberg",
 title = "Avrora: Scalable sensor network simulation with precise timing",
 booktitle= "Fourth International Conference on Information Processing in Sensor Networks",
 pages = "477-482",
 year= "2005",
 note="http://compilers.cs.ucla.edu/avrora/",
}


@phdthesis{Rossetto/06,
  author = {S. Rossetto},
  title = {Integrando comunica\c c\~ao ass\'incrona e ger\^encia cooperativa de tarefas em ambientes
de computa\c c\~ao distribu\'ida},
  address = {Rio de Janeiro, Brasil},
  school = {PUC-Rio},
  language = {Portuguese},
  year = {2006},
}

%--------------------------------------- Miscelandia -------------------------------------
@misc{atmel,
 title = "{Atmel Corporation}",
 author = "",
 note = "http://www.atmel.com/products/AVR/",
}

@misc{crossbow,
 author = "",
 title = "Crossbow Technology",
 note = "http://www.xbow.com/Products/",
}

@misc{avrlibc,
 title = "{Biblioteca C para micro-controladores Atmel AVR}",
 author = "{AVR-Libc}",
 note = "http://www.nongnu.org/avr-libc/",
}

@misc{tinyos,
 author = "{TinyOS} Website",
 title = "Universidade de {Berkeley}",
 note = "http://www.tinyos.net",
}


