@misc{Rossetto/10,
  author = {S. Rossetto},
  title = {Desenvolvimento de aplicações para RSSFs usando o TinyOS},
  note = {http://dcc.ufrj.br/~silvana/curso-tinyos-ufes2010/curso-tinyos-ufes2010.html},
}

@misc{TEP106,
  author = {Philip Levis and Cory Sharp},
  title = {TEP106: Schedulers and Tasks},
  note = {http://www.tinyos.net/tinyos-2.1.0/doc/html/tep106.html},
}

@misc{TEP107,
  author = {Philip Levis},
  title = {TEP107: TinyOS 2.x Boot Sequence},
  note = {http://www.tinyos.net/tinyos-2.1.0/doc/html/tep107.html},
}

@misc{TEP134,
  author = {Kevin Klues and Chieh-Jan Liang and Jeongyeup Paek and Razvan Musaloiu-E and Ramesh Govindan and Andreas Terzis and Philip Levis},
  title = {TEP134: The TOSThreads Thread Library},
  note = {http://www.tinyos.net/tinyos-2.1.0/doc/html/tep134.html},
}

@misc{tinyos,
 author = "{TinyOS} Website",
 title = "Universidade de {Berkeley}",
 note = "http://www.tinyos.net",
}

% --------------------

@book{LevisGay/09,
 title = "TinyOS Programming",
 author = "Philip Levis and David Gay",
 publisher = "Cambridge University Press",
 year = "2009",
 isbn =	"9780511507304"
}

@book{Stallings/04,
 title = "Operating Systems: Internals and Design Principles",
 author = "William Stallings",
 publisher = "Prentice Hall",
 edition = "5a",
 year = "2004",
 isbn = "978-0131479548"
}

@booklet{Maziero/11,
  title = "Sistemas Operacionais",
  author = "Carlos Maziero",
  year = "2011",
}

% -----------------

@phdthesis{Rossetto/06,
  author = {S. Rossetto},
  title = {Integrando comunica\c c\~ao ass\'incrona e ger\^encia cooperativa de tarefas em ambientes
de computa\c c\~ao distribu\'ida},
  address = {Rio de Janeiro, Brasil},
  school = {PUC-Rio},
  year = {2006},
}

@phdthesis{Moura/04,
  author = {Ana L. de Moura},
  title = {Revisitando co-rotinas},
  address = {Rio de Janeiro, Brasil},
  school = {PUC-Rio},
  year = {2004}
}

% -----------

@misc{HoellerFrohlich/10,
 author = {A. Hoeller and A. A. Frohlich},
 title = {Redes de senssores sem fio sob a perspectiva do EPOS},
 year = {2010},
 note = "Minicurso do SBAC-PAD 2010",
}

@inproceedings{tinyos/00,
 author = {J. Hill and R. Szewczyk and A. Woo and S. Hollar and D. Culler and K. Pister},
 title = {System Architecture Directions for Networked Sensors},
 booktitle = {9th International Conference on Architectural Support for Programming Languages and Operating Systems},
 year = {2000},
 pages = {93-104},
 publisher = {ACM Press},
 address = {New York, NY, USA},
}

@article{nesc/03,
 author = "David Gay and Phil Levis and Rob von Behren and Matt Welsh and Eric Brewer and David Culler",
 title = "The {nesC} Language: A Holistic Approach to Networked Embedded Systems",
 journal = "Proceedings of Programming Language Design and Implementation (PLDI)",
 month = "June",
 year = "2003",
}
